<?xml version="1.0" encoding="UTF-8"?><collection xmlns="http://www.loc.gov/MARC21/slim"><record><leader>00446nam--2200181-u-4500</leader><controlfield tag="001">000052417</controlfield><controlfield tag="002">20161230</controlfield><controlfield tag="005">20161230201050</controlfield><controlfield tag="008">100707s1000------------r-----000-0-rus-d</controlfield><datafield ind1=" " ind2=" " tag="040"><subfield code="a">IFIN-HH</subfield></datafield><datafield ind1=" " ind2=" " tag="041"><subfield code="a">rus</subfield></datafield><datafield ind1=" " ind2=" " tag="080"><subfield code="a">531</subfield></datafield><datafield ind1="1" ind2=" " tag="100"><subfield code="a">Kovalev, P.G</subfield></datafield><datafield ind1="1" ind2="0" tag="245"><subfield code="a">Fizika (Mehanika)</subfield><subfield code="c">P.G. Kovalev, M.D. Hliian</subfield></datafield><datafield ind1=" " ind2=" " tag="260"><subfield code="a">Rostok</subfield><subfield code="b">Rostovskogo universiteta</subfield><subfield code="c">1972</subfield></datafield><datafield ind1=" " ind2=" " tag="300"><subfield code="a">166 p</subfield></datafield><datafield ind1="1" ind2=" " tag="700"><subfield code="a">Hliian, M.D</subfield></datafield><datafield ind1=" " ind2=" " tag="CAT"><subfield code="a">Sys</subfield><subfield code="c">20100707</subfield><subfield code="h">152229</subfield></datafield></record></collection>